@book{womak:lean-thinking,
    author  = {James P. Womack, Daniel T. Jones},
    title   = {Lean Thinking, Second Editon},
    publisher = {Simon \& Schuster, Inc.},
    year    = {2010}
}

@online{site:sinonimi-parole-chiave-correlate,
    title   = {Sinonimi e parole chiave correlate},
    url     = {https://yoast.com/use-synonyms-and-related-keywords/}
}
